@misc{Gartner,
  title = {{Gartner:} Gartner Says Worldwide Sales of Smartphones Returned to Growth in First Quarter of 2018},
  howpublished = {\url{https://www.gartner.com/newsroom/id/3876865}},
  note = {Accessed: 2018-07-18},
  number = {1}
}

@misc{Statista,
  title = {{Statista:} Internet of Things - number of connected devices worldwide 2015-2025},
  howpublished = {\url{https://www.statista.com/statistics/471264/iot-number-of-connected-devices-worldwide/}},
  note = {Accessed: 2018-07-19}
}

@misc{SewioTWR,
  title = {{Sewio:} UWB Technology - Two way ranging},
  howpublished = {\url{https://www.sewio.net/technology/two-way-ranging/}},
  note = {Accessed: 2018-07-23}
}

@misc{ITU,
  title = {{ITU:} Characteristics of ultra-wideband technology},
  howpublished = {\url{http://www.itu.int/dms_pubrec/itu-r/rec/sm/R-REC-SM.1755-0-200605-I!!PDF-E.pdf}},
  note = {Accessed: 2018-09-29}
}


@misc{SewioTDOA,
  title = {{Sewio:} UWB Technology - Time difference of arrival},
  howpublished = {\url{https://www.sewio.net/technology/time-difference-of-arrival/}},
  note = {Accessed: 2018-07-23}
}

@misc{Raspberry,
  title = {{Raspberry Pi:} Product specification},
  howpublished = {\url{https://www.raspberrypi.org/products/raspberry-pi-3-model-b/}},
  note = {Accessed: 2018-07-31}
}

@misc{Uniset,
  title = {{UNISET company:} Intelligent sensor technology},
  howpublished = {\url{http://www.unisetcompany.com}},
  note = {Accessed: 2018-07-31}
}

@misc{Wikipedia,
  title = {{Wikipedia:} Symmetrical double-sided two-way ranging},
  howpublished = {\url{https://en.wikipedia.org/wiki/Symmetrical_double-sided_two-way_ranging}},
  note = {Accessed: 2018-07-24}
}

@misc{WikiGini,
  title = {{Wikipedia:} Decision tree learning},
  howpublished = {\url{https://en.wikipedia.org/wiki/Decision_tree_learning}},
  note = {Accessed: 2018-09-05}
}

@misc{SKLearn,
  title = {{Scikit-learn:} Ensemble methods},
  howpublished = {\url{http://scikit-learn.org/stable/modules/ensemble.html}},
  note = {Accessed: 2018-09-05}
}

@misc{GaussianNB,
  title = {{Gaussian naive bayes:} Naive Bayes documentation},
  howpublished = {\url{http://scikit-learn.org/stable/modules/naive_bayes.html}},
  note = {Accessed: 2018-09-05}
}


@misc{KNN,
  title = {{K neighbors classifier:} K nearest neighbors classifier documentation},
  howpublished = {\url{http://scikit-learn.org/stable/modules/neighbors.html}},
  note = {Accessed: 2018-09-05}
}



@misc{Beginnersguide,
  title = {{SEQUITUR InGPS Lite:} Beginners Guide and Application Examples},
  howpublished = {SeqInGPSLite BeginnersGuide\_R1\_2.pdf}
}

@misc{Usermanual,
  title = {{SEQUITUR InGPS Lite:} User Manual and Application Programming Interface},
  howpublished = {SeqInGPSLite UserManual\_R1\_1.pdf}
}

@article{thales,
  title={The Thales experiment},
  author={Richard Kerner},
  journal={\url{https://arxiv.org/pdf/1712.06016.pdf}},
  volume={},
  number={},
  pages={1-2},
  year={2017},
  publisher={Université Paris-VI},
}


@misc{VorlesungCN,
  title = {{Vorlesung Computernetze UniBe:} Vorlesungsunterlagen Uebertragungsmedien},
  howpublished = {},
  note = {Herbstsemester: 2015}
}


@article{GPSforIndoor,
  title={Indoor Positioning Based on Global Positioning System Signals},
  author={Kerem Ozsoy; Ayhan Bozkurt and Ibrahim Tekin},
  journal={\url{https://onlinelibrary.wiley.com/doi/abs/10.1002/mop.27520}},
  volume={},
  number={},
  pages={},
  year={2013},
  publisher={}
}


@article{Carrera,
  title={A real-time robust indoor tracking system in smartphones},
  author={J.L. Carrera; Z. Zhao; T. Braun and Z. Li},
  journal={Computer Communications},
  volume={},
  number={},
  pages={},
  year={2017},
  publisher={}
}

@article{Nagpal,
  title={Indoor positioning using magnetic compass and accelerometer of smartphones},
  author={P. Nagpal and R. Rashidzadeh},
  journal={International Conference on Selected Topics in Mobile and Wireless Networking MoWNet},
  volume={},
  number={},
  pages={140-145},
  year={2013},
  publisher={}
}

@article{Sarkar,
  title={A survey of various propagation models for mobile communication},
  author={Sarkar Tapan K. et al.},
  journal={Antennas and Propagation Magazine,  IEEE 45.3},
  volume={},
  number={},
  pages={51-82},
  year={2003},
  publisher={}
}

@article{Kurt,
  title={Indoor Tracking with Kalman Filters using RSS-based Ranging},
  author={Adrian Kurt},
  journal={Bachelorarbeit Universität Bern},
  volume={},
  number={},
  pages={4-5},
  year={2015},
  publisher={}
}

@article{ZanLi,
  title={A Passive WiFi Source Localization System based on Fine-grained Power-based Trilateration},
  author={Z. Li; T. Braun and D.C. Dimitrova},
  journal={IEEE International Symposium on a World of Wireless, Mobile and Multimedia Networks (WoWMoM)},
  volume={},
  number={},
  pages={1-9},
  year={June 2015},
  publisher={}
}





@article{Guoguo,
  title={Guoguo: Enabling Fine-grained Indoor Localization via Smartphone},
  author={Kaikai Liu et al.},
  journal={Proceeding of the 11th annual international conference on Mobile systems, applications, and services},
  volume={},
  number={},
  pages={235-248},
  year={2013},
  publisher={}
}

@article{Delmastro,
  title={Design and Analysis of a Bluetooth-Based Indoor Localization System},
  author={Bruno R. e Delmastro F.},
  journal={Conti M., Giordano S., Gregori E., Olariu S. (eds) Personal Wireless Communications. Lecture Notes in Computer Science, vol 2775. Springer},
  volume={},
  number={},
  pages={},
  year={2003},
  publisher={}
}


@article{Taniuchi,
  title={Robust wi-fi based indoor poitioning with ensemble learning},
  author={D. Taniuchi and T. Maekawa},
  journal={IEEE 10th International Conference on Wireless and Mobile Computing, Networking and Communications},
  volume={},
  number={},
  pages={592-597},
  year={2014},
  publisher={}
}

@article{Carrera2,
  title={Room Recognition Using Discriminative Ensemble Learning with Hidden Markov Models for Smartphones},
  author={J.L. Carrera; Z. Zhao and T. Braun},
  journal={\url{https://arxiv.org/abs/1804.09005}},
  volume={},
  number={},
  pages={},
  year={2018},
  publisher={}
}

@article{IEEE,
  title={A time-based passive source localization system for narrow-band signal},
  author={Z. Li; T. Braun and D.C. Dimitrova},
  journal={The IEEE International Conference on Communications (ICC)},
  volume={39},
  number={},
  pages={4599-4605},
  year={June 2015},
  publisher={}
}


@article{Horus,
  title={The horus wlan location determination system},
  author={M. Youseff and A. Agrawala},
  journal={Proceedings of the International Conference on Mobile Systems, Applications, and Services (Mobisys05)},
  volume={},
  number={},
  pages={205-218},
  year={2005},
  publisher={}
}

@article{Kakiuchi,
  title={Pedestrian dead reckoning for mobile phones trhough walking and running mode recognition},
  author={N. Kakiuchi and S. Kamijo},
  journal={Proceedings of the 16th International IEEE Annual Conference on Intelligent Transportation Systems (ITSC 2013)},
  volume={},
  number={},
  pages={261-267},
  year={2013},
  publisher={}
}


@article{Borestein,
  title={Heuristic drift elimination for personnel tracking systems},
  author={J. Borestein and L. Ojeda},
  journal={The Journal of Navigation},
  volume={},
  number={},
  pages={591-606},
  year={2010},
  publisher={}
}

J. Borestein and L. Ojeda. Heuristic drift elimination
for personnel tracking systems. The Journal of
Navigation, 63(4):591–606, 2010.


@article{Carrera3,
  title={A Real-time Indoor Tracking System in Smartphones},
  author={J.L. Carrera V. et al.},
  journal={\url{http://dx.doi.org/10.1145/2988287.2989142}},
  volume={},
  number={},
  pages={},
  year={2016},
  publisher={\url{http://dx.doi.org/10.1145/2988287.2989142}},
}

@article{Markov,
  title={Markov localization for mobile robots in dynamic environments},
  author={F. Dieter W. Burgard and S. Thrun},
  journal={Artificial Inteligence Research},
  volume={11},
  number={1},
  pages={391-427},
  year={1999},
  publisher={}
}



@article{Reference1,
	Abstract = {We have developed an enhanced Littrow configuration extended cavity diode laser (ECDL) that can be tuned without changing the direction of the output beam. The output of a conventional Littrow ECDL is reflected from a plane mirror fixed parallel to the tuning diffraction grating. Using a free-space Michelson wavemeter to measure the laser wavelength, we can tune the laser over a range greater than 10 nm without any alteration of alignment.},
	Author = {C. J. Hawthorn and K. P. Weber and R. E. Scholten},
	Journal = {Review of Scientific Instruments},
	Month = {12},
	Number = {12},
	Numpages = {3},
	Pages = {4477--4479},
	Title = {Littrow Configuration Tunable External Cavity Diode Laser with Fixed Direction Output Beam},
	Volume = {72},
	Url = {http://link.aip.org/link/?RSI/72/4477/1},
	Year = {2001}}

@article{Reference3,
	Abstract = {Operating a laser diode in an extended cavity which provides frequency-selective feedback is a very effective method of reducing the laser's linewidth and improving its tunability. We have developed an extremely simple laser of this type, built from inexpensive commercial components with only a few minor modifications. A 780~nm laser built to this design has an output power of 80~mW, a linewidth of 350~kHz, and it has been continuously locked to a Doppler-free rubidium transition for several days.},
	Author = {A. S. Arnold and J. S. Wilson and M. G. Boshier and J. Smith},
	Journal = {Review of Scientific Instruments},
	Month = {3},
	Number = {3},
	Numpages = {4},
	Pages = {1236--1239},
	Title = {A Simple Extended-Cavity Diode Laser},
	Volume = {69},
	Url = {http://link.aip.org/link/?RSI/69/1236/1},
	Year = {1998}}

@article{Reference2,
	Abstract = {We present a review of the use of diode lasers in atomic physics with an extensive list of references. We discuss the relevant characteristics of diode lasers and explain how to purchase and use them. We also review the various techniques that have been used to control and narrow the spectral outputs of diode lasers. Finally we present a number of examples illustrating the use of diode lasers in atomic physics experiments. Review of Scientific Instruments is copyrighted by The American Institute of Physics.},
	Author = {Carl E. Wieman and Leo Hollberg},
	Journal = {Review of Scientific Instruments},
	Keywords = {Diode Laser},
	Month = {1},
	Number = {4},
	Numpages = {20},
	Pages = {1--20},
	Title = {Using Diode Lasers for Atomic Physics},
	Volume = {62},
	Url = {http://link.aip.org/link/?RSI/62/1/1},
	Year = {1991}}

